@inproceedings{ying2023formalization,
  title={A Formalization of Doob’s Martingale Convergence Theorems in mathlib},
  author={Ying, Kexing and Degenne, R{\'e}my},
  booktitle={Proceedings of the 12th ACM SIGPLAN International Conference on Certified Programs and Proofs},
  pages={334--347},
  year={2023}
}

@Book{EthierKurtz1986,
  Author         = {S.N. Ethier and T.G. Kurtz},
  Title          = {Markov {P}rocesses. {C}haracterization and
                   {C}onvergence},
  Publisher      = {John Wiley, New York},
  year           = 1986,
}

@article{sheffield2007gaussian,
  title={Gaussian free fields for mathematicians},
  author={Sheffield, Scott},
  journal={Probability theory and related fields},
  volume={139},
  number={3-4},
  pages={521--541},
  year={2007},
  publisher={Springer}
}

@article{chin2019new,
  title={New simple proofs of the Kolmogorov extension theorem and Prokhorov's theorem},
  author={Chin, Wooyoung},
  journal={arXiv preprint arXiv:1911.12979},
  year={2019}
}

@book{guide2006infinite,
  title={Infinite dimensional analysis},
  author={Guide, A Hitchhiker’s},
  year={2006},
  publisher={Springer}
}

@article{rao1971projective,
  title={Projective limits of probability spaces},
  author={Rao, Malempati M},
  journal={Journal of multivariate analysis},
  volume={1},
  number={1},
  pages={28--57},
  year={1971},
  publisher={Elsevier}
}

@article{border1998expository,
  title={Expository Notes on the Kolmogorov Extension Problem},
  author={Border, KC},
  year={1998},
  publisher={Caltech Pasadena}
}

@book{bogachev2007measure,
  title={Measure theory},
  author={Bogachev, Vladimir Igorevich and Ruas, Maria Aparecida Soares},
  volume={1},
  year={2007},
  publisher={Springer}
}
@article{melikhov2011metrizable,
  title={Metrizable uniform spaces},
  author={Melikhov, Sergey A},
  journal={arXiv preprint arXiv:1106.3249},
  year={2011}
}

@book{james2013topologies,
  title={Topologies and uniformities},
  author={James, Ioan M},
  year={2013},
  publisher={Springer Science \& Business Media}
}
@book{Kallenberg2020, 
author="Kallenberg, O.",
title="{Foundations of Modern Probability. 3rd ed.}",
publisher="{Probability and Its Applications. New York, NY: Springer.}",
year=2020,
keywords="{measure theory; probability theory; stochastic processes}",
}

@article{avigad2017formally,
  title={A formally verified proof of the central limit theorem},
  author={Avigad, Jeremy and H{\"o}lzl, Johannes and Serafin, Luke},
  journal={Journal of Automated Reasoning},
  volume={59},
  pages={389--423},
  year={2017},
  publisher={Springer}
}

@inproceedings{mathlib2020lean,
  title={The Lean mathematical library},
  author={mathlib Community.},
  booktitle={Proceedings of the 9th ACM SIGPLAN International Conference on Certified Programs and Proofs (CPP 2020)},
  pages={367--381},
  year={2020}
}

@article{kolmogoroff1933grundbegriffe,
  title={Grundbegriffe der wahrscheinlichkeitsrechnung},
  author={Kolmogoroff, Andrey},
  year={1933},
  publisher={Springer}
}

@article{holzl2017markov,
  title={Markov chains and Markov decision processes in Isabelle/HOL},
  author={H{\"o}lzl, Johannes},
  journal={Journal of Automated Reasoning},
  volume={59},
  number={3},
  pages={345--387},
  year={2017},
  publisher={Springer}
}

@inproceedings{holzl2017markov,
  title={Markov processes in Isabelle/HOL},
  author={H{\"o}lzl, Johannes},
  booktitle={Proceedings of the 6th ACM SIGPLAN Conference on Certified Programs and Proofs},
  pages={100--111},
  year={2017}
}

@article{aldrich2007but,
  title={But you have to remember PJ Daniell of Sheffield},
  author={Aldrich, John},
  journal={Electronic Journal for History of Probability and Statistics (www. jehps. net)},
  volume={3},
  number={2},
  year={2007}
}

@book{Billingsley1995, 
author="Billingsley, P.",
title="{Probability and Measure. 3rd ed.}",
publisher="{Wiley Series in
  Probability and Statistics}",
year=1995,
keywords="{measure theory; probability theory; stochastic processes}",
}

@Article{KaplanDardenHudson1988,
  Author         = {Kaplan, N.L. and Darden, T. and Hudson, R.R.},
  Title          = {The {C}oalescent {P}rocess in {M}odels with
                   {S}election},
  Journal        = {Genetics},
  Volume         = {120},
  Pages          = {819-829},
  year           = 1988,
}

@misc{Immler2012,
    title = "Generic
    Construction of Probability Spaces for Paths of Stochastic Processes in Isabelle/HOL",
    howpublished = "Master’s Thesis in Informatik, TU Munich",
    year = "2012",
    URL ="https://saloranta.de/immler/fabian/mastersthesis/thesis.pdf"
}

@book{Klenke2013,
    author = "Klenke, A.",
    title = "Probability Theory. A Comprehensive Course. 2nd ed.",
    publisher = {Springer},
    year = "2013",
}

